
@article{felleisen2015racket,
  title={The Racket Manifesto$\}$$\}$},
  author={Felleisen, Matthias and Findler, Robert Bruce and Flatt, Matthew and Krishnamurthi, Shriram and Barzilay, Eli and McCarthy, Jay and Tobin-Hochstadt, Sam and Ball, Thomas and Bodik, Rastislav and Krishnamurthi, Shriram and others},
  journal={1st Summit on Advances in Programming Languages (SNAPL 2015)$\}$},
  volume={32},
  pages={113--128},
  year={2015},
  publisher={Schloss Dagstuhl--Leibniz-Zentrum fuer Informatik$\}$}
}

@ONLINE{tomoyo,
  title = {About Tomoyo Linux},
  month = Dec,
  year = {2015},
  url = {http://tomoyo.osdn.jp/about.html.en}
}

@article{racket,
  title={Creating Languages in Racket},
  author={Flatt, M},
  journal={Communications of the ACM},
  year={2012}
}

